2D

@article{DBLP:journals/corr/abs-2304-02051,
  author     = {Alberto Baldrati and
                Davide Morelli and
                Giuseppe Cartella and
                Marcella Cornia and
                Marco Bertini and
                Rita Cucchiara},
  title      = {Multimodal Garment Designer: Human-Centric Latent Diffusion Models
                for Fashion Image Editing},
  journal    = {CoRR},
  volume     = {abs/2304.02051},
  year       = {2023},
  url        = {https://doi.org/10.48550/arXiv.2304.02051},
  doi        = {10.48550/arXiv.2304.02051},
  eprinttype = {arXiv},
  eprint     = {2304.02051},
  timestamp  = {Mon, 17 Apr 2023 15:20:10 +0200},
  biburl     = {https://dblp.org/rec/journals/corr/abs-2304-02051.bib},
  bibsource  = {dblp computer science bibliography, https://dblp.org}
}

@inproceedings{DBLP:conf/cvpr/XieHDZDZ0L23,
  author    = {Zhenyu Xie and
               Zaiyu Huang and
               Xin Dong and
               Fuwei Zhao and
               Haoye Dong and
               Xijin Zhang and
               Feida Zhu and
               Xiaodan Liang},
  title     = {{GP-VTON:} Towards General Purpose Virtual Try-On via Collaborative
               Local-Flow Global-Parsing Learning},
  booktitle = {{IEEE/CVF} Conference on Computer Vision and Pattern Recognition,
               {CVPR} 2023, Vancouver, BC, Canada, June 17-24, 2023},
  pages     = {23550--23559},
  publisher = {{IEEE}},
  year      = {2023},
  url       = {https://doi.org/10.1109/CVPR52729.2023.02255},
  doi       = {10.1109/CVPR52729.2023.02255},
  timestamp = {Tue, 29 Aug 2023 15:44:40 +0200},
  biburl    = {https://dblp.org/rec/conf/cvpr/XieHDZDZ0L23.bib},
  bibsource = {dblp computer science bibliography, https://dblp.org}
}

@inproceedings{DBLP:conf/cvpr/YanGZX23,
  author    = {Keyu Yan and
               Tingwei Gao and
               Hui Zhang and
               Chengjun Xie},
  title     = {Linking Garment with Person via Semantically Associated Landmarks
               for Virtual Try-On},
  booktitle = {{IEEE/CVF} Conference on Computer Vision and Pattern Recognition,
               {CVPR} 2023, Vancouver, BC, Canada, June 17-24, 2023},
  pages     = {17194--17204},
  publisher = {{IEEE}},
  year      = {2023},
  url       = {https://doi.org/10.1109/CVPR52729.2023.01649},
  doi       = {10.1109/CVPR52729.2023.01649},
  timestamp = {Tue, 29 Aug 2023 15:44:40 +0200},
  biburl    = {https://dblp.org/rec/conf/cvpr/YanGZX23.bib},
  bibsource = {dblp computer science bibliography, https://dblp.org}
}

@inproceedings{DBLP:conf/cvpr/ZhuYZRCS0K23,
  author    = {Luyang Zhu and
               Dawei Yang and
               Tyler Zhu and
               Fitsum Reda and
               William Chan and
               Chitwan Saharia and
               Mohammad Norouzi and
               Ira Kemelmacher{-}Shlizerman},
  title     = {TryOnDiffusion: {A} Tale of Two UNets},
  booktitle = {{IEEE/CVF} Conference on Computer Vision and Pattern Recognition,
               {CVPR} 2023, Vancouver, BC, Canada, June 17-24, 2023},
  pages     = {4606--4615},
  publisher = {{IEEE}},
  year      = {2023},
  url       = {https://doi.org/10.1109/CVPR52729.2023.00447},
  doi       = {10.1109/CVPR52729.2023.00447},
  timestamp = {Mon, 28 Aug 2023 16:14:40 +0200},
  biburl    = {https://dblp.org/rec/conf/cvpr/ZhuYZRCS0K23.bib},
  bibsource = {dblp computer science bibliography, https://dblp.org}
}

@inproceedings{DBLP:conf/nips/HuangLXKCL22,
  author    = {Zaiyu Huang and
               Hanhui Li and
               Zhenyu Xie and
               Michael Kampffmeyer and
               Qingling Cai and
               Xiaodan Liang},
  title     = {Towards Hard-pose Virtual Try-on via 3D-aware Global Correspondence Learning},
  booktitle = {Advances in Neural Information Processing Systems},
  volume    = {35},
  pages     = {32736--32748},
  year      = {2022},
  timestamp = {Thu, 11 May 2023 17:08:22 +0200},
  biburl    = {https://dblp.org/rec/conf/nips/HuangLXKCL22.bib},
  bibsource = {dblp computer science bibliography, https://dblp.org}
}

@inproceedings{DBLP:conf/wacv/FeleLPS22,
  author    = {Benjamin Fele and
               Ajda Lampe and
               Peter Peer and
               Vitomir Struc},
  title     = {{C-VTON:} Context-Driven Image-Based Virtual Try-On Network},
  booktitle = {{IEEE/CVF} Winter Conference on Applications of Computer Vision, {WACV}
               2022, Waikoloa, HI, USA, January 3-8, 2022},
  pages     = {2203--2212},
  publisher = {{IEEE}},
  year      = {2022},
  url       = {https://doi.org/10.1109/WACV51458.2022.00226},
  doi       = {10.1109/WACV51458.2022.00226},
  timestamp = {Sun, 02 Oct 2022 16:17:13 +0200},
  biburl    = {https://dblp.org/rec/conf/wacv/FeleLPS22.bib},
  bibsource = {dblp computer science bibliography, https://dblp.org}
}

@inproceedings{DBLP:conf/cvpr/MorelliFCLCC22,
  author       = {Davide Morelli and
                  Matteo Fincato and
                  Marcella Cornia and
                  Federico Landi and
                  Fabio Cesari and
                  Rita Cucchiara},
  title        = {Dress Code: High-Resolution Multi-Category Virtual Try-On},
  booktitle    = {{IEEE/CVF} Conference on Computer Vision and Pattern Recognition Workshops,
                  {CVPR} Workshops 2022, New Orleans, LA, USA, June 19-20, 2022},
  pages        = {2230--2234},
  publisher    = {{IEEE}},
  year         = {2022},
  url          = {https://doi.org/10.1109/CVPRW56347.2022.00243},
  doi          = {10.1109/CVPRW56347.2022.00243},
  timestamp    = {Mon, 29 Aug 2022 11:44:25 +0200},
  biburl       = {https://dblp.org/rec/conf/cvpr/MorelliFCLCC22.bib},
  bibsource    = {dblp computer science bibliography, https://dblp.org}
}

@inproceedings{DBLP:conf/eccv/LeeGPCC22,
  author       = {Sangyun Lee and
                  Gyojung Gu and
                  Sunghyun Park and
                  Seunghwan Choi and
                  Jaegul Choo},
  editor       = {Shai Avidan and
                  Gabriel J. Brostow and
                  Moustapha Ciss{\'{e}} and
                  Giovanni Maria Farinella and
                  Tal Hassner},
  title        = {High-Resolution Virtual Try-On with Misalignment and Occlusion-Handled
                  Conditions},
  booktitle    = {Computer Vision - {ECCV} 2022 - 17th European Conference, Tel Aviv,
                  Israel, October 23-27, 2022, Proceedings, Part {XVII}},
  series       = {Lecture Notes in Computer Science},
  volume       = {13677},
  pages        = {204--219},
  publisher    = {Springer},
  year         = {2022},
  url          = {https://doi.org/10.1007/978-3-031-19790-1\_13},
  doi          = {10.1007/978-3-031-19790-1\_13},
  timestamp    = {Wed, 26 Oct 2022 09:56:21 +0200},
  biburl       = {https://dblp.org/rec/conf/eccv/LeeGPCC22.bib},
  bibsource    = {dblp computer science bibliography, https://dblp.org}
}

@inproceedings{DBLP:conf/eccv/BaiZLZY22,
  author       = {Shuai Bai and
                  Huiling Zhou and
                  Zhikang Li and
                  Chang Zhou and
                  Hongxia Yang},
  editor       = {Shai Avidan and
                  Gabriel J. Brostow and
                  Moustapha Ciss{\'{e}} and
                  Giovanni Maria Farinella and
                  Tal Hassner},
  title        = {Single Stage Virtual Try-On Via Deformable Attention Flows},
  booktitle    = {Computer Vision - {ECCV} 2022 - 17th European Conference, Tel Aviv,
                  Israel, October 23-27, 2022, Proceedings, Part {XV}},
  series       = {Lecture Notes in Computer Science},
  volume       = {13675},
  pages        = {409--425},
  publisher    = {Springer},
  year         = {2022},
  url          = {https://doi.org/10.1007/978-3-031-19784-0\_24},
  doi          = {10.1007/978-3-031-19784-0\_24},
  timestamp    = {Thu, 03 Nov 2022 12:18:06 +0100},
  biburl       = {https://dblp.org/rec/conf/eccv/BaiZLZY22.bib},
  bibsource    = {dblp computer science bibliography, https://dblp.org}
}

@inproceedings{DBLP:conf/cvpr/YangY022,
  author       = {Han Yang and
                  Xinrui Yu and
                  Ziwei Liu},
  title        = {Full-Range Virtual Try-On with Recurrent Tri-Level Transform},
  booktitle    = {{IEEE/CVF} Conference on Computer Vision and Pattern Recognition,
                  {CVPR} 2022, New Orleans, LA, USA, June 18-24, 2022},
  pages        = {3450--3459},
  publisher    = {{IEEE}},
  year         = {2022},
  url          = {https://doi.org/10.1109/CVPR52688.2022.00345},
  doi          = {10.1109/CVPR52688.2022.00345},
  timestamp    = {Tue, 04 Oct 2022 17:56:08 +0200},
  biburl       = {https://dblp.org/rec/conf/cvpr/YangY022.bib},
  bibsource    = {dblp computer science bibliography, https://dblp.org}
}

@inproceedings{DBLP:conf/cvpr/HeSX22,
  author       = {Sen He and
                  Yi{-}Zhe Song and
                  Tao Xiang},
  title        = {Style-Based Global Appearance Flow for Virtual Try-On},
  booktitle    = {{IEEE/CVF} Conference on Computer Vision and Pattern Recognition,
                  {CVPR} 2022, New Orleans, LA, USA, June 18-24, 2022},
  pages        = {3460--3469},
  publisher    = {{IEEE}},
  year         = {2022},
  url          = {https://doi.org/10.1109/CVPR52688.2022.00346},
  doi          = {10.1109/CVPR52688.2022.00346},
  timestamp    = {Mon, 28 Nov 2022 09:08:46 +0100},
  biburl       = {https://dblp.org/rec/conf/cvpr/HeSX22.bib},
  bibsource    = {dblp computer science bibliography, https://dblp.org}
}

@inproceedings{DBLP:conf/cvpr/FengMSGLLOZZ22,
  author       = {Ruili Feng and
                  Cheng Ma and
                  Chengji Shen and
                  Xin Gao and
                  Zhenjiang Liu and
                  Xiaobo Li and
                  Kairi Ou and
                  Deli Zhao and
                  Zheng{-}Jun Zha},
  title        = {Weakly Supervised High-Fidelity Clothing Model Generation},
  booktitle    = {{IEEE/CVF} Conference on Computer Vision and Pattern Recognition,
                  {CVPR} 2022, New Orleans, LA, USA, June 18-24, 2022},
  pages        = {3430--3439},
  publisher    = {{IEEE}},
  year         = {2022},
  url          = {https://doi.org/10.1109/CVPR52688.2022.00343},
  doi          = {10.1109/CVPR52688.2022.00343},
  timestamp    = {Tue, 04 Oct 2022 17:56:08 +0200},
  biburl       = {https://dblp.org/rec/conf/cvpr/FengMSGLLOZZ22.bib},
  bibsource    = {dblp computer science bibliography, https://dblp.org}
}

@inproceedings{DBLP:conf/cvpr/DongZXZDZLLY22,
  author       = {Xin Dong and
                  Fuwei Zhao and
                  Zhenyu Xie and
                  Xijin Zhang and
                  Daniel K. Du and
                  Min Zheng and
                  Xiang Long and
                  Xiaodan Liang and
                  Jianchao Yang},
  title        = {Dressing in the Wild by Watching Dance Videos},
  booktitle    = {{IEEE/CVF} Conference on Computer Vision and Pattern Recognition,
                  {CVPR} 2022, New Orleans, LA, USA, June 18-24, 2022},
  pages        = {3470--3479},
  publisher    = {{IEEE}},
  year         = {2022},
  url          = {https://doi.org/10.1109/CVPR52688.2022.00347},
  doi          = {10.1109/CVPR52688.2022.00347},
  timestamp    = {Tue, 04 Oct 2022 17:56:08 +0200},
  biburl       = {https://dblp.org/rec/conf/cvpr/DongZXZDZLLY22.bib},
  bibsource    = {dblp computer science bibliography, https://dblp.org}
}

@inproceedings{DBLP:conf/cvpr/FenocchiMCBCC22,
  author       = {Emanuele Fenocchi and
                  Davide Morelli and
                  Marcella Cornia and
                  Lorenzo Baraldi and
                  Fabio Cesari and
                  Rita Cucchiara},
  title        = {Dual-Branch Collaborative Transformer for Virtual Try-On},
  booktitle    = {{IEEE/CVF} Conference on Computer Vision and Pattern Recognition Workshops,
                  {CVPR} Workshops 2022, New Orleans, LA, USA, June 19-20, 2022},
  pages        = {2246--2250},
  publisher    = {{IEEE}},
  year         = {2022},
  url          = {https://doi.org/10.1109/CVPRW56347.2022.00246},
  doi          = {10.1109/CVPRW56347.2022.00246},
  timestamp    = {Tue, 21 Mar 2023 20:55:40 +0100},
  biburl       = {https://dblp.org/rec/conf/cvpr/FenocchiMCBCC22.bib},
  bibsource    = {dblp computer science bibliography, https://dblp.org}
}

@inproceedings{DBLP:conf/iccv/CuiML21,
  author       = {Aiyu Cui and
                  Daniel McKee and
                  Svetlana Lazebnik},
  title        = {Dressing in Order: Recurrent Person Image Generation for Pose Transfer, Virtual Try-on and Outfit Editing},
  booktitle    = {2021 {IEEE/CVF} International Conference on Computer Vision, {ICCV}
                  2021, Montreal, QC, Canada, October 10-17, 2021},
  pages        = {14618--14627},
  publisher    = {{IEEE}},
  year         = {2021},
  url          = {https://doi.org/10.1109/ICCV48922.2021.01437},
  doi          = {10.1109/ICCV48922.2021.01437},
  timestamp    = {Fri, 11 Mar 2022 10:01:59 +0100},
  biburl       = {https://dblp.org/rec/conf/iccv/CuiML21.bib},
  bibsource    = {dblp computer science bibliography, https://dblp.org}
}

@inproceedings{DBLP:conf/iccv/ChopraJHK21,
  author       = {Ayush Chopra and
                  Rishabh Jain and
                  Mayur Hemani and
                  Balaji Krishnamurthy},
  title        = {ZFlow: Gated Appearance Flow-based Virtual Try-on with 3D Priors},
  booktitle    = {2021 {IEEE/CVF} International Conference on Computer Vision, {ICCV}
                  2021, Montreal, QC, Canada, October 10-17, 2021},
  pages        = {5413--5422},
  publisher    = {{IEEE}},
  year         = {2021},
  url          = {https://doi.org/10.1109/ICCV48922.2021.00538},
  doi          = {10.1109/ICCV48922.2021.00538},
  timestamp    = {Fri, 11 Mar 2022 10:01:59 +0100},
  biburl       = {https://dblp.org/rec/conf/iccv/ChopraJHK21.bib},
  bibsource    = {dblp computer science bibliography, https://dblp.org}
}

@inproceedings{DBLP:conf/iccv/ChenLHSC21,
  author       = {Chieh{-}Yun Chen and
                  Ling Lo and
                  Pin{-}Jui Huang and
                  Hong{-}Han Shuai and
                  Wen{-}Huang Cheng},
  title        = {FashionMirror: Co-attention Feature-remapping Virtual Try-on with
                  Sequential Template Poses},
  booktitle    = {2021 {IEEE/CVF} International Conference on Computer Vision, {ICCV}
                  2021, Montreal, QC, Canada, October 10-17, 2021},
  pages        = {13789--13798},
  publisher    = {{IEEE}},
  year         = {2021},
  url          = {https://doi.org/10.1109/ICCV48922.2021.01355},
  doi          = {10.1109/ICCV48922.2021.01355},
  timestamp    = {Fri, 11 Mar 2022 10:01:59 +0100},
  biburl       = {https://dblp.org/rec/conf/iccv/ChenLHSC21.bib},
  bibsource    = {dblp computer science bibliography, https://dblp.org}
}

@inproceedings{DBLP:conf/cvpr/GeSZG0021,
  author       = {Yuying Ge and
                  Yibing Song and
                  Ruimao Zhang and
                  Chongjian Ge and
                  Wei Liu and
                  Ping Luo},
  title        = {Parser-Free Virtual Try-On via Distilling Appearance Flows},
  booktitle    = {{IEEE} Conference on Computer Vision and Pattern Recognition, {CVPR}
                  2021, virtual, June 19-25, 2021},
  pages        = {8485--8493},
  publisher    = {Computer Vision Foundation / {IEEE}},
  year         = {2021},
  url          = {https://doi.org/10.1109/CVPR46437.2021.00838},
  doi          = {10.1109/CVPR46437.2021.00838},
  timestamp    = {Mon, 18 Jul 2022 16:47:41 +0200},
  biburl       = {https://dblp.org/rec/conf/cvpr/GeSZG0021.bib},
  bibsource    = {dblp computer science bibliography, https://dblp.org}
}

@inproceedings{DBLP:conf/cvpr/ChoiPLC21,
  author       = {Seunghwan Choi and
                  Sunghyun Park and
                  Minsoo Lee and
                  Jaegul Choo},
  title        = {{VITON-HD:} High-Resolution Virtual Try-On via Misalignment-Aware Normalization},
  booktitle    = {{IEEE} Conference on Computer Vision and Pattern Recognition, {CVPR}
                  2021, virtual, June 19-25, 2021},
  pages        = {14131--14140},
  publisher    = {Computer Vision Foundation / {IEEE}},
  year         = {2021},
  url          = {https://doi.org/10.1109/CVPR46437.2021.01391},
  doi          = {10.1109/CVPR46437.2021.01391},
  timestamp    = {Mon, 18 Jul 2022 16:47:41 +0200},
  biburl       = {https://dblp.org/rec/conf/cvpr/ChoiPLC21.bib},
  bibsource    = {dblp computer science bibliography, https://dblp.org}
}

@inproceedings{DBLP:conf/cvpr/GeSGY0021,
  author       = {Chongjian Ge and
                  Yibing Song and
                  Yuying Ge and
                  Han Yang and
                  Wei Liu and
                  Ping Luo},
  title        = {Disentangled Cycle Consistency for Highly-Realistic Virtual Try-On},
  booktitle    = {{IEEE} Conference on Computer Vision and Pattern Recognition, {CVPR}
                  2021, virtual, June 19-25, 2021},
  pages        = {16928--16937},
  publisher    = {Computer Vision Foundation / {IEEE}},
  year         = {2021},
  url          = {https://doi.org/10.1109/CVPR46437.2021.01665},
  doi          = {10.1109/CVPR46437.2021.01665},
  timestamp    = {Mon, 18 Jul 2022 16:47:41 +0200},
  biburl       = {https://dblp.org/rec/conf/cvpr/GeSGY0021.bib},
  bibsource    = {dblp computer science bibliography, https://dblp.org}
}

@inproceedings{DBLP:conf/cvpr/LiCZL21,
  author       = {Kedan Li and
                  Min Jin Chong and
                  Jeffrey Zhang and
                  Jingen Liu},
  title        = {Toward Accurate and Realistic Outfits Visualization With Attention
                  to Details},
  booktitle    = {{IEEE} Conference on Computer Vision and Pattern Recognition, {CVPR}
                  2021, virtual, June 19-25, 2021},
  pages        = {15546--15555},
  publisher    = {Computer Vision Foundation / {IEEE}},
  year         = {2021},
  url          = {https://doi.org/10.1109/CVPR46437.2021.01529},
  doi          = {10.1109/CVPR46437.2021.01529},
  timestamp    = {Mon, 05 Dec 2022 11:45:42 +0100},
  biburl       = {https://dblp.org/rec/conf/cvpr/LiCZL21.bib},
  bibsource    = {dblp computer science bibliography, https://dblp.org}
}

Pose Guided



Multi-pose
@inproceedings{DBLP:conf/icip/HsiehCCSC19,
  author       = {Chia{-}Wei Hsieh and
                  Chieh{-}Yun Chen and
                  Chien{-}Lung Chou and
                  Hong{-}Han Shuai and
                  Wen{-}Huang Cheng},
  title        = {Fit-me: Image-Based Virtual Try-on With Arbitrary Poses},
  booktitle    = {2019 {IEEE} International Conference on Image Processing, {ICIP} 2019,
                  Taipei, Taiwan, September 22-25, 2019},
  pages        = {4694--4698},
  publisher    = {{IEEE}},
  year         = {2019},
  url          = {https://doi.org/10.1109/ICIP.2019.8803681},
  doi          = {10.1109/ICIP.2019.8803681},
  timestamp    = {Wed, 11 Dec 2019 16:30:23 +0100},
  biburl       = {https://dblp.org/rec/conf/icip/HsiehCCSC19.bib},
  bibsource    = {dblp computer science bibliography, https://dblp.org}
}

@inproceedings{DBLP:conf/iccv/DongLSWLZH019,
  author       = {Haoye Dong and
                  Xiaodan Liang and
                  Xiaohui Shen and
                  Bochao Wang and
                  Hanjiang Lai and
                  Jia Zhu and
                  Zhiting Hu and
                  Jian Yin},
  title        = {Towards Multi-Pose Guided Virtual Try-On Network},
  booktitle    = {2019 {IEEE/CVF} International Conference on Computer Vision, {ICCV}
                  2019, Seoul, Korea (South), October 27 - November 2, 2019},
  pages        = {9025--9034},
  publisher    = {{IEEE}},
  year         = {2019},
  url          = {https://doi.org/10.1109/ICCV.2019.00912},
  doi          = {10.1109/ICCV.2019.00912},
  timestamp    = {Wed, 15 Feb 2023 17:44:59 +0100},
  biburl       = {https://dblp.org/rec/conf/iccv/DongLSWLZH019.bib},
  bibsource    = {dblp computer science bibliography, https://dblp.org}
}

@article{DBLP:journals/access/ThaiMAW21,
  author       = {Thanh Tuan Thai and
                  Matiur Rahman Minar and
                  Heejune Ahn and
                  John Wainwright},
  title        = {Multiple Pose Virtual Try-On Based on 3D Clothing Reconstruction},
  journal      = {{IEEE} Access},
  volume       = {9},
  pages        = {114367--114380},
  year         = {2021},
  url          = {https://doi.org/10.1109/ACCESS.2021.3104274},
  doi          = {10.1109/ACCESS.2021.3104274},
  timestamp    = {Wed, 01 Sep 2021 12:45:01 +0200},
  biburl       = {https://dblp.org/rec/journals/access/ThaiMAW21.bib},
  bibsource    = {dblp computer science bibliography, https://dblp.org}
}

@article{DBLP:journals/tmm/HuLZR22,
  author       = {Bingwen Hu and
                  Ping Liu and
                  Zhedong Zheng and
                  Mingwu Ren},
  title        = {{SPG-VTON:} Semantic Prediction Guidance for Multi-Pose Virtual Try-on},
  journal      = {{IEEE} Trans. Multim.},
  volume       = {24},
  pages        = {1233--1246},
  year         = {2022},
  url          = {https://doi.org/10.1109/TMM.2022.3143712},
  doi          = {10.1109/TMM.2022.3143712},
  timestamp    = {Fri, 01 Apr 2022 11:24:02 +0200},
  biburl       = {https://dblp.org/rec/journals/tmm/HuLZR22.bib},
  bibsource    = {dblp computer science bibliography, https://dblp.org}
}

@inproceedings{du2023cf,
  title={CF-VTON: Multi-Pose Virtual Try-on with Cross-Domain Fusion},
  author={Du, Chenghu and Xiong, Shengwu},
  booktitle={ICASSP 2023-2023 IEEE International Conference on Acoustics, Speech and Signal Processing (ICASSP)},
  pages={1--5},
  year={2023},
  organization={IEEE}
}

Video
@inproceedings{DBLP:conf/wacv/KuppaJLLM21,
  author       = {Gaurav Kuppa and
                  Andrew Jong and
                  Xin Liu and
                  Ziwei Liu and
                  Teng{-}Sheng Moh},
  title        = {ShineOn: Illuminating Design Choices for Practical Video-based Virtual
                  Clothing Try-on},
  booktitle    = {{IEEE} Winter Conference on Applications of Computer Vision Workshops,
                  {WACV} Workshops 2021, Waikoloa, HI, USA, January 5-9, 2021},
  pages        = {191--200},
  publisher    = {{IEEE}},
  year         = {2021},
  url          = {https://doi.org/10.1109/WACVW52041.2021.00025},
  doi          = {10.1109/WACVW52041.2021.00025},
  timestamp    = {Thu, 17 Feb 2022 14:51:47 +0100},
  biburl       = {https://dblp.org/rec/conf/wacv/KuppaJLLM21.bib},
  bibsource    = {dblp computer science bibliography, https://dblp.org}
}

@inproceedings{DBLP:conf/mm/ZhongWTLW21,
  author       = {Xiaojing Zhong and
                  Zhonghua Wu and
                  Taizhe Tan and
                  Guosheng Lin and
                  Qingyao Wu},
  editor       = {Heng Tao Shen and
                  Yueting Zhuang and
                  John R. Smith and
                  Yang Yang and
                  Pablo C{\'{e}}sar and
                  Florian Metze and
                  Balakrishnan Prabhakaran},
  title        = {{MV-TON:} Memory-based Video Virtual Try-on network},
  booktitle    = {{MM} '21: {ACM} Multimedia Conference, Virtual Event, China, October
                  20 - 24, 2021},
  pages        = {908--916},
  publisher    = {{ACM}},
  year         = {2021},
  url          = {https://doi.org/10.1145/3474085.3475269},
  doi          = {10.1145/3474085.3475269},
  timestamp    = {Fri, 02 Dec 2022 08:27:05 +0100},
  biburl       = {https://dblp.org/rec/conf/mm/ZhongWTLW21.bib},
  bibsource    = {dblp computer science bibliography, https://dblp.org}
}

@inproceedings{DBLP:conf/cvpr/JiangWYL22,
  author       = {Jianbin Jiang and
                  Tan Wang and
                  He Yan and
                  Junhui Liu},
  title        = {ClothFormer: Taming Video Virtual Try-on in All Module},
  booktitle    = {{IEEE/CVF} Conference on Computer Vision and Pattern Recognition,
                  {CVPR} 2022, New Orleans, LA, USA, June 18-24, 2022},
  pages        = {10789--10798},
  publisher    = {{IEEE}},
  year         = {2022},
  url          = {https://doi.org/10.1109/CVPR52688.2022.01053},
  doi          = {10.1109/CVPR52688.2022.01053},
  timestamp    = {Wed, 05 Oct 2022 16:31:19 +0200},
  biburl       = {https://dblp.org/rec/conf/cvpr/JiangWYL22.bib},
  bibsource    = {dblp computer science bibliography, https://dblp.org}
}

3D
@inproceedings{DBLP:conf/nips/SantestebanOTC22,
  author       = {Igor Santesteban and
                  Miguel A. Otaduy and
                  Nils Thuerey and
                  Dan Casas},
  title        = {ULNeF: Untangled Layered Neural Fields for Mix-and-Match Virtual Try-On},
  booktitle    = {NeurIPS},
  year         = {2022},
  url          = {http://papers.nips.cc/paper\_files/paper/2022/hash/4ee3ac2cd119023c79b0d21c4a464dc7-Abstract-Conference.html},
  timestamp    = {Thu, 11 May 2023 17:08:21 +0200},
  biburl       = {https://dblp.org/rec/conf/nips/SantestebanOTC22.bib},
  bibsource    = {dblp computer science bibliography, https://dblp.org}
}

@inproceedings{DBLP:conf/wacv/MajithiaPBGSS22,
  author       = {Sahib Majithia and
                  Sandeep N. Parameswaran and
                  Sadbhavana Babar and
                  Vikram Garg and
                  Astitva Srivastava and
                  Avinash Sharma},
  title        = {Robust 3D Garment Digitization from Monocular 2D Images for 3D Virtual
                  Try-On Systems},
  booktitle    = {{IEEE/CVF} Winter Conference on Applications of Computer Vision, {WACV}
                  2022, Waikoloa, HI, USA, January 3-8, 2022},
  pages        = {1411--1421},
  publisher    = {{IEEE}},
  year         = {2022},
  url          = {https://doi.org/10.1109/WACV51458.2022.00148},
  doi          = {10.1109/WACV51458.2022.00148},
  timestamp    = {Wed, 18 May 2022 16:10:48 +0200},
  biburl       = {https://dblp.org/rec/conf/wacv/MajithiaPBGSS22.bib},
  bibsource    = {dblp computer science bibliography, https://dblp.org}
}


Augmented Reality



Commercial


